@MISC{ skelet3d,
  TITLE  = {{Skelet 3D}},
  URL     = {http://skelet3d.lf3.cuni.cz/},
  URLDATE= {2014-9-23},
  KEY    = {skelet3d},
}

@MISC{ skeletopedia,
  TITLE  = {{Skeletopedia}},
  URL     = {http://skeletopedia.sk/},
  URLDATE= {2014-9-23},
  KEY    = {skeletopedia},
}

@MISC{ zygote,
  TITLE  = {{Zygote Body}},
  URL     = {http://www.zygotebody.com/},
  URLDATE= {2014-9-23},
  KEY    = {zygote},
}

@MISC{ anatronica,
  TITLE  = {{Anatronica}},
  URL     = {http://www.anatronica.com/},
  URLDATE= {2014-9-23},
  KEY    = {anatronica},
}

@MISC{ 3dscience,
  TITLE  = {{3D Science - Skeletal Models}},
  URL     = {http://www.3dscience.com/3D_Models/Human_Anatomy/Skeletal/},
  URLDATE= {2014-9-23},
  KEY    = {3dscience},
}

@MISC{ upol,
  TITLE  = {{UPOL - Atlas člověka}},
  URL     = {http://www.atlascloveka.upol.cz/cs/cs02/cs0201/cs020100.html/},
  URLDATE= {2014-9-23},
  KEY    = {upol},
}

@MISC{ wikibones,
  TITLE  = {{Wikipedia - List of Human Bones}},
  URL     = {http://en.wikipedia.org/wiki/List_of_bones_of_the_human_skeleton},
  URLDATE= {2014-9-23},
  KEY    = {wikibones},
}

@MISC{ flash_stats,
  TITLE  = {{Adobe - Flash Penetration Statistics}},
  URL     = {http://www.adobe.com/cz/products/flashplatformruntimes/statistics.html},
  URLDATE= {2014-9-25},
  KEY    = {flash_stats},
}

@MISC{ flash_control,
  TITLE  = {{Using MouseLock, Right Click, Middle Click features in Flash Player 11.2}},
  AUTHOR = {Tom Krcha},
  URL     = {http://tomkrcha.com/?p=2621},
  URLDATE= {2014-9-25},
  KEY    = {flash_control},
}

@MISC{ flash_dead,
  TITLE  = {{Wired - Flash Is Dead}},
  AUTHOR = {Marcus Kruger},
  URL     = {http://archive.wired.com/insights/2014/05/flash-dead-long-live-webgl/},
  URLDATE= {2014-9-25},
  KEY    = {flash_dead},
}

@MISC{ flash_insecure,
  TITLE  = {{Infoworld - Adobe Flash: Insecure, outdated, and here to stay}},
  AUTHOR = {Serdar Yegulalp},
  URL     = {http://www.infoworld.com/article/2610420/adobe-flash/adobe-flash--insecure--outdated--and-here-to-stay.html},
  URLDATE= {2014-9-25},
  KEY    = {flash_insecure},
}

@MISC{ flash_builtwith,
  TITLE  = {{BuiltWith - Shockwave Flash Embed Usage Statistics}},
  URL     = { http://trends.builtwith.com/framework/Shockwave-Flash-Embed},
  URLDATE= {2014-9-25},
  KEY    = {flash_builtwith},
}

@MISC{ flash_desktop,
  TITLE  = {{Adobe - About Flash Player}},
  URL     = {https://www.adobe.com/software/flash/about/},
  URLDATE= {2014-9-25},
  KEY    = {flash_desktop},
}

@MISC{ flash_focus,
  TITLE  = {{Adobe News - Flash to Focus on PC Browsing and Mobile Apps}},
  AUTHOR = {Danny Winokur},
  URL     = {http://blogs.adobe.com/conversations/2011/11/flash-focus.html},
  URLDATE= {2014-9-25},
  KEY    = {flash_focus},
}

@MISC{ flash_android,
  TITLE  = {{Adobe Blogs - An Update on Flash Player and Android}},
  AUTHOR = {Tareq Aljaber},
  URL     = {http://blogs.adobe.com/flashplayer/2012/06/flash-player-and-android-update.html},
  URLDATE= {2014-9-25},
  KEY    = {flash_android},
}

@MISC{ flash_apple,
  TITLE  = {{Wikipedia - Apple and Adobe Flash controversy}},
  URL     = {http://en.wikipedia.org/wiki/Apple_and_Adobe_Flash_controversy},
  URLDATE= {2014-9-25},
  KEY    = {flash_apple},
}

@MISC{ unity,
  TITLE  = {{Unity 3D}},
  URL     = {http://unity3d.com/},
  URLDATE= {2014-10-2},
  KEY    = {unity},
}

@MISC{ shiva,
  TITLE  = {{ShiVa3D}},
  URL     = {http://www.stonetrip.com/},
  URLDATE= {2014-10-2},
  KEY    = {shiva},
}

@MISC{ webgl_caniuse,
  TITLE  = {{Can I Use - WebGL}},
  URL     = {http://caniuse.com/\#feat=webgl},
  URLDATE= {2014-10-1},
  KEY    = {webgl_caniuse},
}

@MISC{ webgl_ie,
  TITLE  = {{Internet Explorer Dev Center - WebGL}},
  URL     = {http://msdn.microsoft.com/en-us/library/ie/bg182648%28v=vs.85%29.aspx},
  URLDATE= {2014-10-1},
  KEY    = {webgl_ie},
}

@MISC{ webgl_ios,
  TITLE  = {{CNET - iOS 8 brings big boost for Web programmers}},
  AUTHOR = {Stephen Shankland},
  URL     = {http://www.cnet.com/news/ios-8-brings-big-boost-for-web-programmers/},
  URLDATE= {2014-10-1},
  KEY    = {webgl_ios},
}

@MISC{ tech_perf,
  TITLE  = {{Airtight Interactive - Stage3D vs WebGL Performance}},
  AUTHOR = {Felix Turner},
  URL     = {http://www.airtightinteractive.com/2011/10/stage3d-vs-webgl-performance/},
  URLDATE= {2014-10-3},
  KEY    = {tech_perf},
}

@MISC{ aquarium,
  TITLE  = {{WebGL Samples - Aquarium}},
  URL     = {http://webglsamples.googlecode.com/hg/aquarium/aquarium.html},
  URLDATE= {2014-10-3},
  KEY    = {aquarium},
}

@MISC{ frameworks,
  TITLE  = {{WebGL User Contributions}},
  URL     = {https://www.khronos.org/webgl/wiki/User_Contributions},
  URLDATE= {2014-10-4},
  KEY    = {frameworks},
}

@MISC{ threejs,
  TITLE  = {{three.js}},
  URL     = {http://threejs.org/},
  URLDATE= {2014-10-4},
  KEY    = {threejs},
}

@MISC{ stackoverflow,
  TITLE  = {{Stack Overflow}},
  URL     = {http://stackoverflow.com/},
  URLDATE= {2014-10-4},
  KEY    = {stackoverflow},
}

@MISC{ spectrum,
  TITLE  = {{IEEE Spectrum - The Top Programming Languages}},
  URL     = {http://spectrum.ieee.org/static/interactive-the-top-programming-languages},
  URLDATE= {2014-10-6},
  KEY    = {spectrum},
}

@MISC{ php_bad,
  TITLE  = {{PHP: a fractal of bad design}},
  URL     = {http://eev.ee/blog/2012/04/09/php-a-fractal-of-bad-design/},
  URLDATE= {2014-10-6},
  KEY    = {php_bad},
}

@MISC{ java_net_1,
  TITLE  = {{Southern Pacific Review - Choosing Java Vs .Net}},
  AUTHOR = {Walker Rowe},
  URL     = {http://southernpacificreview.com/2013/08/08/choosing-java-vs-net-for-web-development/},
  URLDATE= {2014-10-6},
  KEY    = {java_net_1},
}

@MISC{ java_net_2,
  TITLE  = {{Segue Technologies - .NET vs Java}},
  AUTHOR = {Srinath Davu},
  URL     = {http://www.seguetech.com/blog/2013/06/03/dotnet-vs-java-how-to-pick},
  URLDATE= {2014-10-6},
  KEY    = {java_net_2},
}

@MISC{ jsf,
  TITLE  = {{Oracle - JavaServer Faces}},
  URL     = {http://www.oracle.com/technetwork/java/javaee/javaserverfaces-139869.html},
  URLDATE= {2014-10-16},
  KEY    = {jsf},
}

@MISC{ netbeans,
  TITLE  = {{NetBeans IDE}},
  URL     = {https://netbeans.org/},
  URLDATE= {2014-10-29},
  KEY    = {netbeans},
}

@MISC{ so_java_permits,
  TITLE  = {{Stack Overflow - Unable to Start Derby...}},
  URL     = {http://stackoverflow.com/questions/21154400/unable-to-start-derby-database-from-netbeans-7-4},
  URLDATE= {2014-11-10},
  KEY    = {so_java_permits},
}

@MISC{ gson,
  TITLE  = {{Google GSON}},
  URL     = {https://code.google.com/p/google-gson/},
  URLDATE= {2014-12-15},
  KEY    = {gson},
}

@MISC{ apache_commons,
  TITLE  = {{Apache Commons Lang}},
  URL     = {http://commons.apache.org/proper/commons-lang/},
  URLDATE= {2014-12-15},
  KEY    = {apache_commons},
}

@MISC{ facelets,
  TITLE  = {{Java EE 6 Tutorial - What Is Facelets?}},
  URL     = {http://docs.oracle.com/javaee/6/tutorial/doc/gijtu.html},
  URLDATE= {2014-12-15},
  KEY    = {facelets},
}







